<record xmlns:xsi="http://www.w3.org/2001/XMLSchema-instance" xmlns="http://www.loc.gov/MARC21/slim" xsi:schemaLocation="http://www.loc.gov/MARC21/slim http://www.loc.gov/standards/marcxml/schema/MARC21slim.xsd">

  <leader>00605nam a2200181Ia 4500</leader>
  <controlfield tag="008">150818b1984    S  ||||| |||| 00| | spa d</controlfield>
  <datafield ind1=" " ind2=" " tag="020">
    <subfield code="a">8471336286 / 8471336294</subfield>
  </datafield>
  <datafield ind2=" " ind1=" " tag="090">
    <subfield code="a">18.01.01 </subfield>
    <subfield code="b">1997</subfield>
  </datafield>
  <datafield tag="100" ind1="1" ind2=" ">
    <subfield code="a">Pérez Serrano, Gloria </subfield>
    <subfield code="9">687</subfield>
  </datafield>
  <datafield ind2="0" ind1="1" tag="245">
    <subfield code="a">Investigación cualitativa: retos e interrogantes / </subfield>
    <subfield code="c">Gloria Pérez Serrano</subfield>
  </datafield>
  <datafield ind2=" " ind1=" " tag="260">
    <subfield code="a">Madrid: </subfield>
    <subfield code="b">La Muralla, </subfield>
    <subfield code="c">1994</subfield>
  </datafield>
  <datafield ind2=" " ind1=" " tag="300">
    <subfield code="a">230 páginas</subfield>
  </datafield>
  <datafield tag="500" ind2=" " ind1=" ">
    <subfield code="a">I. Métodos II. Técnicas y análisis de datos</subfield>
  </datafield>
  <datafield tag="650" ind2="4" ind1="1">
    <subfield code="a">INVESTIGACIÓN</subfield>
    <subfield code="9">163</subfield>
  </datafield>
  <datafield ind1="1" ind2="4" tag="650">
    <subfield code="a">INVESTIGACIÓN CUALITATIVA</subfield>
    <subfield code="9">317</subfield>
  </datafield>
  <datafield ind2="4" ind1="1" tag="650">
    <subfield code="a">MÉTODOS DE INVESTIGACIÓN </subfield>
    <subfield code="9">288</subfield>
  </datafield>
  <datafield ind1=" " ind2=" " tag="942">
    <subfield code="2">z</subfield>
    <subfield code="c">01</subfield>
  </datafield>
  <datafield ind2=" " ind1=" " tag="999">
    <subfield code="c">228</subfield>
    <subfield code="d">228</subfield>
  </datafield>
</record>